<?xml version="1.0" encoding="UTF-8"?><collection xmlns="http://www.loc.gov/MARC21/slim"><record><leader>00540nam--2200169-i-4500</leader><controlfield tag="001">000034236</controlfield><controlfield tag="002">20161230</controlfield><controlfield tag="005">20161230201039</controlfield><controlfield tag="008">060222s1000------------r-----000-0-eng-d</controlfield><datafield ind1=" " ind2=" " tag="040"><subfield code="a">IFIN-HH</subfield></datafield><datafield ind1=" " ind2=" " tag="080"><subfield code="a">532.5</subfield></datafield><datafield ind1="1" ind2=" " tag="100"><subfield code="a">Lipstein, Norman J</subfield></datafield><datafield ind1="1" ind2="0" tag="245"><subfield code="a">Multi-phase flow symposium</subfield><subfield code="b">Presented at winter annual meeting of the asme, philadelphia pa., nov. 17-22, 1963</subfield><subfield code="c">Norman J. Lipstein</subfield></datafield><datafield ind1=" " ind2=" " tag="260"><subfield code="a">New York, The American Society Of Mechanical Engineers, 1963,</subfield></datafield><datafield ind1=" " ind2=" " tag="300"><subfield code="a">99P</subfield></datafield><datafield ind1=" " ind2=" " tag="852"><subfield code="a">25970</subfield><subfield code="c">532</subfield></datafield><datafield ind1=" " ind2=" " tag="CAT"><subfield code="a">Sys</subfield><subfield code="c">20100714</subfield><subfield code="h">092959</subfield></datafield></record></collection>